<?xml version="1.0" encoding="UTF-8"?><collection xmlns="http://www.loc.gov/MARC21/slim"><record><leader>00603nam--2200181-i-4500</leader><controlfield tag="001">000014883</controlfield><controlfield tag="002">20161230</controlfield><controlfield tag="005">20161230201031</controlfield><controlfield tag="008">060222s1000------------r-----000-0-eng-d</controlfield><datafield ind1=" " ind2=" " tag="040"><subfield code="a">IFIN-HH</subfield></datafield><datafield ind1=" " ind2=" " tag="080"><subfield code="a">537.591(47.1)</subfield></datafield><datafield ind1="1" ind2=" " tag="100"><subfield code="a">Paker, G.D</subfield></datafield><datafield ind1="1" ind2="0" tag="245"><subfield code="a">Solar-cycle depencence of galactic cosmic ray flux</subfield><subfield code="b">Part ii. the correlation between the nucleonc flux and solar indices</subfield><subfield code="c">G.d. parker, r.l. chasson, r.t. hansen, s.f. hansen</subfield></datafield><datafield ind1=" " ind2=" " tag="260"><subfield code="a">Denver, Corolado</subfield><subfield code="b">University Of Denver</subfield><subfield code="c">1973</subfield></datafield><datafield ind1=" " ind2=" " tag="300"><subfield code="a">/PAG.DIF.</subfield></datafield><datafield ind1="1" ind2=" " tag="700"><subfield code="a">Hansen, S.F</subfield></datafield><datafield ind1=" " ind2=" " tag="852"><subfield code="a">40025</subfield><subfield code="c">539.13</subfield></datafield><datafield ind1=" " ind2=" " tag="CAT"><subfield code="a">Sys</subfield><subfield code="c">20120227</subfield><subfield code="h">124725</subfield></datafield></record></collection>